<?xml version="1.0" encoding="UTF-8"?><collection xmlns="http://www.loc.gov/MARC21/slim"><record><leader>00362nam--2200121-i-4500</leader><controlfield tag="001">000008017</controlfield><controlfield tag="002">20161230</controlfield><controlfield tag="005">20161230201027</controlfield><controlfield tag="008">060222s1000------------r-----000-0-eng-d</controlfield><datafield ind1=" " ind2=" " tag="100"><subfield code="a">Caserio, Marjorie C. And Roberts, John D</subfield></datafield><datafield ind1=" " ind2=" " tag="245"><subfield code="a">Supplement for basic principles of organic che mistry</subfield></datafield><datafield ind1=" " ind2=" " tag="260"><subfield code="a">New York, W.A.Benjamin, Inc., 1965. Iii + 435 P</subfield></datafield><datafield ind1=" " ind2=" " tag="852"><subfield code="a">20866</subfield></datafield></record></collection>